@Misc{alaettinoglurfc,
  title        = "{RFC 2622}, routing policy specification language,
                 {RPSL} (1999)",
  author       = "C Alaettinoglu and C Villamizar and E Gerich and D
                 Kessens and D Meyer and T Bates and D Karrenberg and M
                 Terpstra",
}

@Misc{blunk2005rfc,
  title        = "{RFC 4012}: Routing Policy Specification Language next
                 generation {(RPSLng)}",
  author       = "L Blunk and J Damas and F Parent and A Robachevsky",
  year         = "2005",
  publisher    = "RFC Editor",
}
